<collection xmlns="http://www.loc.gov/MARC21/slim"><record><leader>01608nam  2200433   450</leader><controlfield tag="001">593</controlfield><controlfield tag="003">http://montalegre.opacnet.com/OPAC/default.aspx?ContentAreaControl=ShowRegHoldings.ascx&amp;RegNo=16662</controlfield><controlfield tag="005">20</controlfield><datafield tag="010" ind1=" " ind2=" "><subfield code="a">972-8012-20-9</subfield></datafield><datafield tag="021" ind1=" " ind2=" "><subfield code="a">PT</subfield><subfield code="b">100552/96</subfield></datafield><datafield tag="100" ind1=" " ind2=" "><subfield code="a">20061013d1996    em d0pory010305  ba</subfield></datafield><datafield tag="101" ind1="0" ind2=" "><subfield code="a">por</subfield></datafield><datafield tag="102" ind1=" " ind2=" "><subfield code="a">PT</subfield></datafield><datafield tag="200" ind1="1" ind2=" "><subfield code="a">&lt;O &gt;Castelo de Montalegre</subfield><subfield code="f">José Dias Baptista</subfield></datafield><datafield tag="210" ind1=" " ind2=" "><subfield code="a">Montalegre</subfield><subfield code="c">Câmara Municipal de Montalegre</subfield><subfield code="d">1996</subfield></datafield><datafield tag="215" ind1=" " ind2=" "><subfield code="a">22 p.</subfield><subfield code="c">il. c/ fotos</subfield><subfield code="d">21 cm</subfield></datafield><datafield tag="606" ind1=" " ind2=" "><subfield code="a">Castelos fortificados ou semifortificados</subfield><subfield code="2">Autoridade</subfield><subfield code="3">PT-----------2013110716140005966</subfield></datafield><datafield tag="607" ind1=" " ind2=" "><subfield code="a">Montalegre</subfield><subfield code="2">Autoridade</subfield><subfield code="3">PT9999-00-10-2009040123590002473</subfield></datafield><datafield tag="610" ind1="0" ind2=" "><subfield code="a">Castelo de Montalegre</subfield></datafield><datafield tag="675" ind1=" " ind2=" "><subfield code="a">008(469.202)</subfield></datafield><datafield tag="675" ind1=" " ind2=" "><subfield code="a">94(469.202)</subfield></datafield><datafield tag="675" ind1=" " ind2=" "><subfield code="a">728.81(469.202)</subfield></datafield><datafield tag="700" ind1=" " ind2="1"><subfield code="a">Baptista</subfield><subfield code="b">José Dias</subfield><subfield code="f">1941-</subfield></datafield><datafield tag="801" ind1=" " ind2="0"><subfield code="a">PT</subfield><subfield code="b">Biblioteca Municipal de Montalegre</subfield><subfield code="g">RPC</subfield></datafield><datafield tag="856" ind1=" " ind2=" "><subfield code="u">locateMedia.asp?cod=20060519104242&amp;ext=jpg</subfield><subfield code="z">CAPA</subfield></datafield><datafield tag="909" ind1="&#9;" ind2=" "><subfield code="a">10</subfield></datafield><datafield tag="930" ind1=" " ind2=" "><subfield code="d">SCG 008(469.202) BAP cas</subfield></datafield><datafield tag="930" ind1=" " ind2=" "><subfield code="d">PS 008(469.202) BAP cas</subfield></datafield><datafield tag="930" ind1=" " ind2=" "><subfield code="d">BEBB 39 BAP</subfield></datafield><datafield tag="930" ind1=" " ind2=" "><subfield code="d">SCG 728(469.202) BAP cas</subfield></datafield><datafield tag="930" ind1=" " ind2=" "><subfield code="d">PS 94(469.202) BAP cas</subfield></datafield><datafield tag="966" ind1=" " ind2=" "><subfield code="a">0014949</subfield><subfield code="l">BMM</subfield><subfield code="s">SCG 008(469.202) BAP cas</subfield></datafield><datafield tag="966" ind1=" " ind2=" "><subfield code="a">0015302</subfield><subfield code="l">BMM</subfield><subfield code="s">SCG 008(469.202) BAP cas</subfield></datafield><datafield tag="966" ind1=" " ind2=" "><subfield code="a">0015852</subfield><subfield code="l">BMM</subfield><subfield code="s">SCG 008(469.202) BAP cas</subfield></datafield><datafield tag="966" ind1=" " ind2=" "><subfield code="a">0016542</subfield><subfield code="l">BMM-PS</subfield><subfield code="s">PS 008(469.202) BAP cas</subfield></datafield><datafield tag="966" ind1=" " ind2=" "><subfield code="a">0017357</subfield><subfield code="l">BMM-PS</subfield><subfield code="s">PS 94(469.202) BAP cas</subfield></datafield><datafield tag="966" ind1=" " ind2=" "><subfield code="a">0017861</subfield><subfield code="l">BMM</subfield><subfield code="s">SCG 728(469.202) BAP cas</subfield></datafield><datafield tag="966" ind1=" " ind2=" "><subfield code="a">1101638</subfield><subfield code="l">BEBB</subfield><subfield code="s">BEBB 39 BAP</subfield></datafield><datafield tag="966" ind1=" " ind2=" "><subfield code="a">1101766</subfield><subfield code="l">BEBB</subfield><subfield code="s">BEBB 39 BAP</subfield></datafield><datafield tag="966" ind1=" " ind2=" "><subfield code="a">0018422</subfield><subfield code="l">BMM</subfield><subfield code="s">SCG 728(469.202) BAP cas</subfield></datafield><datafield tag="966" ind1=" " ind2=" "><subfield code="a">0015686</subfield><subfield code="l">BMM</subfield><subfield code="s">SCG 008(469.202) BAP cas</subfield></datafield></record></collection>